@article{COG,
	author = {Malik, Abdul and Thörnberg, Benny and Cheng, Xin and Lawal, Najeem},
	year = {2011},
	month = {01},
	pages = {},
	title = {Real-time Component Labelling with Centre of Gravity Calculation on FPGA}
}
@INPROCEEDINGS{FPGA,
	author={A. {Price} and J. {Pyke} and D. {Ashiri} and T. {Cornall}},
	booktitle={Proceedings 2006 IEEE International Conference on Robotics and Automation, 2006. ICRA 2006.},
	title={Real time object detection for an unmanned aerial vehicle using an FPGA based vision system},
	year={2006},
	volume={},
	number={},
	pages={2854-2859},
	keywords={aircraft control;computer vision;field programmable gate arrays;object detection;remotely operated vehicles;tracking;real time object detection;unmanned aerial vehicles;FPGA;vision system;modern reconnaissance;object identification;object tracking;decision making;low-cost UAV;Real time systems;Object detection;Unmanned aerial vehicles;Field programmable gate arrays;Machine vision;Reconnaissance;Costs;Relays;Radio link;Humans},
	doi={10.1109/ROBOT.2006.1642134},
	ISSN={1050-4729},
	month={May},}
@INPROCEEDINGS{H_median,
	author={Y. {Fan} and S. {Haiqing} and W. {Hong}},
	booktitle={2008 International Conference on Computer Science and Software Engineering},
	title={A Vision-Based Algorithm for Landing Unmanned Aerial Vehicles},
	year={2008},
	volume={1},
	number={},
	pages={993-996},
	keywords={aircraft control;computer vision;control engineering computing;helicopters;object detection;pose estimation;remotely operated vehicles;Zernike polynomials;unmanned aerial vehicle;vision-based algorithm;autonomous landing;Zernike moment;target detection;image recognition;pose estimation;OpenGL-developed testbed;simulated flight video sequence;Unmanned aerial vehicles;Cameras;Image recognition;Helicopters;Computer science;Laboratories;Object detection;Testing;Data mining;Image converters;UAV;Autonomous landing;computer vision;Zernike moments},
	doi={10.1109/CSSE.2008.309},
	ISSN={null},
	month={Dec},}
@INPROCEEDINGS{H,
	author={Y. {Fan} and S. {Haiqing} and W. {Hong}},
	booktitle={2008 International Conference on Computer Science and Software Engineering},
	title={A Vision-Based Algorithm for Landing Unmanned Aerial Vehicles},
	year={2008},
	volume={1},
	number={},
	pages={993-996},
	keywords={aircraft control;computer vision;control engineering computing;helicopters;object detection;pose estimation;remotely operated vehicles;Zernike polynomials;unmanned aerial vehicle;vision-based algorithm;autonomous landing;Zernike moment;target detection;image recognition;pose estimation;OpenGL-developed testbed;simulated flight video sequence;Unmanned aerial vehicles;Cameras;Image recognition;Helicopters;Computer science;Laboratories;Object detection;Testing;Data mining;Image converters;UAV;Autonomous landing;computer vision;Zernike moments},
	doi={10.1109/CSSE.2008.309},
	ISSN={null},
	month={Dec},}
@INPROCEEDINGS{Rings,
	author={S. {Lange} and N. {Sunderhauf} and P. {Protzel}},
	booktitle={2009 International Conference on Advanced Robotics},
	title={A vision based onboard approach for landing and position control of an autonomous multirotor UAV in GPS-denied environments},
	year={2009},
	volume={},
	number={},
	pages={1-6},
	ISSN={null},
	month={June},}
@INPROCEEDINGS{Falanga,
	author={D. {Falanga} and A. {Zanchettin} and A. {Simovic} and J. {Delmerico} and D. {Scaramuzza}},
	booktitle={2017 IEEE International Symposium on Safety, Security and Rescue Robotics (SSRR)},
	title={Vision-based autonomous quadrotor landing on a moving platform},
	year={2017},
	volume={},
	number={},
	pages={200-207},
	keywords={computer vision;helicopters;mobile robots;motion estimation;path planning;robot vision;sensor fusion;moving landing target;moving target;autonomous quadrotor landing;moving platform;multisensor fusion;motion estimation;computer vision algorithms;motion-capture systems;fully-autonomous quadrotor system;fully-autonomous navigation;onboard sensing;lightweight consumer hardware;Trajectory;Robot sensing systems;State estimation;Cameras;Planning},
	doi={10.1109/SSRR.2017.8088164},
	ISSN={2475-8426},
	month={Oct},}
@INPROCEEDINGS{Sudevan,
	author={V. {Sudevan} and A. {Shukla} and H. {Karki}},
	booktitle={2017 17th International Conference on Control, Automation and Systems (ICCAS)},
	title={Vision based autonomous landing of an Unmanned Aerial Vehicle on a stationary target},
	year={2017},
	volume={},
	number={},
	pages={362-367},
	keywords={autonomous aerial vehicles;cameras;control system synthesis;feature extraction;helicopters;image matching;mobile robots;object detection;position control;robot vision;three-term control;velocity control;FLANN;SURF;desired velocity signals;speeded up robust features method;Proportional-Integral-Derivative controller;target position;captured images;template image;Fast Approximate Nearest Neighbor Search Library based descriptor matcher;keypoint descriptors;AR Drone;onboard camera;visual data;landing part;searching;quadrotor UAV;independent landing;stationary target;unmanned aerial vehicle;vision based autonomous landing;Drones;Cameras;Feature extraction;Sensors;Libraries;Navigation;Autonomous Landing;UAV;SURF;Feature detection and matching;PID Controller},
	doi={10.23919/ICCAS.2017.8204466},
	ISSN={null},
	month={Oct},}
@misc{projektPCAM,
	howpublished = {\url{https://reference.digilentinc.com/learn/programmable-logic/tutorials/zybo-z7-pcam-5c-demo/start}},
	note = {Dostęp: 2019-11-03}
}
@misc{xilffs,
	howpublished = {\url{http://elm-chan.org/fsw/ff/00index_e.html}},
	note = {Dostęp: 2019-11-03}
}
@mastersthesis{mgr,
	author    = {M. Mach},
	title     = {Wbudowany system wizyjny do sledzenia obiektów dla potrzeb nawigacji bezzałogowego
	statku powietrznego (UAV)},
	school    = {AGH},
	type     = {Praca magisterska},
	year      = {2017},
}
@misc{zynq,
	howpublished = {\url{https://reference.digilentinc.com/reference/programmable-logic/zybo-z7/reference-manual}},
	note = {Dostęp: 2020-01-18}
}
@misc{drone_article,
	howpublished = {\url{https://spectrum.ieee.org/aerospace/aviation/us-commercial-drone-deliveries-will-finally-be-a-thing-in-2020}},
	note = {Dostęp: 2020-01-18}
}
@misc{skyward,
	howpublished = {\url{http://go.skyward.io/rs/902-SIU-382/images/2018StateofDrones.pdf}},
	note = {Dostęp: 2020-01-18}
}
@misc{pixhawk_modes,
	howpublished = {\url{https://ardupilot.org/copter/docs/flight-modes.html}},
	note = {Dostęp: 2020-01-18}
}
@misc{obrazek_rgb,
	howpublished = {\url{http://www.algorytm.org/modele-barw/model-rgb.html}},
	note = {Dostęp: 2020-01-20}
}
@misc{obrazek_ycbcr,
	howpublished = {\url{https://www.youtube.com/watch?v=3dET-EoIMM8}},
	note = {Dostęp: 2020-01-20}
}
@misc{mavlink_basics,
	howpublished = {\url{https://ardupilot.org/dev/docs/mavlink-basics.html}},
	note = {Dostęp: 2020-01-21}
}
@misc{commands,
	howpublished = {\url{https://ardupilot.org/dev/docs/copter-commands-in-guided-mode.html}},
	note = {Dostęp: 2020-01-21}
}
@misc{github_mavlink,
	howpublished = {\url{https://github.com/mavlink/c_library_v1/tree/master/common}},
	note = {Dostęp: 2020-01-22}
}
@misc{lidar,
	howpublished = {\url{https://www.sparkfun.com}},
	note = {Dostęp: 2020-01-31}
}